@misc{Arithmetic_shift,
	Author = {{Wikipedia}},
	Title = {Arithmetic Shift},
	note = {\url{https://en.wikipedia.org/wiki/Arithmetic_shift},
			Last accessed on 2018-11-22},
}
