%% This BibTeX bibliography file was created using BibDesk.
%% http://bibdesk.sourceforge.net/

%% Created for Tao Keyu at 2018-12-23 14:31:46 +0800 


%% Saved with string encoding Unicode (UTF-8) 



@book{ics,
	Author = {Yale N. Patt, Sanjay J. Patel},
	Date-Added = {2018-12-23 06:26:57 +0000},
	Date-Modified = {2018-12-23 06:31:41 +0000},
	Publisher = {McGraw-Hill Companies, Inc.},
	Title = {Introduction to Computing Systems: From Bits and Gates to C and Beyond, Second Edition},
	Year = {2006}}

@misc{bgcd,
	Author = {{Wikipedia}},
	Note = {\url{https://en.wikipedia.org/wiki/Binary_GCD_algorithm}, Last accessed on 2018-12-3},
	Title = {Binary GCD algorithm}}
