%% This BibTeX bibliography file was created using BibDesk.
%% http://bibdesk.sourceforge.net/

%% Created for Tao Keyu at 2018-12-31 14:34:58 +0800 


%% Saved with string encoding Unicode (UTF-8) 



@manual{amd64-abi,
	Author = {H.J. Lu and Michael Matz and Milind Girkar and Jan Hubi{\v c}ka and Andreas Jaeger and Mark Mitchell},
	Date-Added = {2018-12-31 14:31:57 +0800},
	Date-Modified = {2018-12-31 14:34:58 +0800},
	Month = {January},
	Title = {System V Application Binary Interface AMD64 Architecture Processor Supplement (With LP64 and ILP32 Programming Models) Version 1.0},
	Year = {2018},
	Note = {\url{https://github.com/hjl-tools/x86-psABI/wiki/x86-64-psABI-1.0.pdf}, Last accessed on 2018-12-31}}

@report{lab2-tky,
	Author = {Keyu Tao},
	Date-Added = {2018-12-30 23:24:29 +0800},
	Date-Modified = {2018-12-30 23:26:11 +0800},
	Title = {{ICS Lab 2}},
	Year = {2018}}

@book{ics,
	Author = {Yale N. Patt and Sanjay J. Patel},
	Date-Added = {2018-12-23 06:26:57 +0000},
	Date-Modified = {2018-12-23 06:31:41 +0000},
	Publisher = {McGraw-Hill Companies, Inc.},
	Title = {Introduction to Computing Systems: From Bits and Gates to C and Beyond, Second Edition},
	Year = {2006}}

@misc{bgcd,
	Author = {{Wikipedia}},
	Note = {\url{https://en.wikipedia.org/wiki/Binary_GCD_algorithm}, Last accessed on 2018-12-3},
	Title = {Binary GCD algorithm}}

@misc{lcc,
	Author = {McGraw-Hill Global Education Holdings, LLC},
	Note = {\url{https://highered.mheducation.com/sites/0072467509/student_view0/c_to_lc-3_compiler.html}, Last accessed on 2018-12-30},
	Title = {{Introduction to Computing Systems | C to LC-3 Compiler}}}
	
@misc{osdev-abi,
	Author = {{OSDev Wiki}},
	Note = {\url{https://wiki.osdev.org/System_V_ABI}, Last accessed on 2018-12-31},
	Title = {System V ABI}}
