@misc{bgcd,
	Author = {{Wikipedia}},
	Title = {Binary GCD algorithm},
	note = {\url{https://en.wikipedia.org/wiki/Binary_GCD_algorithm},
			Last accessed on 2018-12-3},
}
